@manual{mp2600,
    author="Yaskawa America Inc.",
    title="MP2600iec Reference Page",
    url="https://www.yaskawa.com/products/motion/machine-controllers/mpiec-series/mp2600iec"
}

@manual{motionworks,
    author="Yaskawa America Inc.",
    title="Motionworks Reference Page",
    url="https://www.yaskawa.com/products/motion/machine-controllers/software-tools/motionworks-iec"
}

@manual{sigma5,
    author="Yaskawa America Inc.",
    title="Sigma-5 Servo Reference Page",
    url="https://www.yaskawa.com/products/motion/sigma-5-servo-products"
}

@manual{motionworks_youtube,
    author="Yaskawa America Inc.",
    title="Motionworks Introductory Video Series",
    url="https://www.youtube.com/playlist?list=PLNAENlyEDCkzMwkIpWNwX0DeJdlVFwyB0"
}

@manual{arduino_due,
    author="Arduino",
    title="Arduino Due Guide",
    url="https://www.arduino.cc/en/Guide/ArduinoDue"
}

@manual{ethernet_shield,
    author="Arduino",
    title="Ethernet Shield Guide",
    url="https://www.arduino.cc/en/Guide/ArduinoEthernetShield"
}

@manual{ethernet_library,
    author="Arduino",
    title="Ethernet Library Reference",
    url="https://www.arduino.cc/en/Reference/Ethernet"
}

@manual{sd_library,
    author="Sallemi, Fillipo",
    title="ESP8266 SD Library Reference",
    url="https://links2004.github.io/Arduino/d6/dd9/class_sd2_card.html"
}

@manual{atmel_sam3x_series,
    author="Atmel Corporation",
    title="SAM3X Series ARM Microcontrollers Datasheet",
    url="http://ww1.microchip.com/downloads/en/DeviceDoc/Atmel-11057-32-bit-Cortex-M3-Microcontroller-SAM3X-SAM3A_Datasheet.pdf"
}

@article{nanosecond_led,
       author = {{Rose}, Joachim and {Bradbury}, Stella and {Bond}, Isabel and {Ogden},
        Paul and {Price}, Andrew and {Oliver}, Richard and {Farkhatuly
        Khassen}, Yerbol},
        title = "{Driving LED in a Nanosecond Regime by a Fast Operational Amplifier}",
      journal = {arXiv e-prints},
     keywords = {Condensed Matter - Other Condensed Matter, Physics - Optics},
         year = 2010,
        month = Nov,
          eid = {arXiv:1011.1954},
        pages = {arXiv:1011.1954},
archivePrefix = {arXiv},
       eprint = {1011.1954},
 primaryClass = {cond-mat.other},
       adsurl = {https://ui.adsabs.harvard.edu/\#abs/2010arXiv1011.1954R},
      adsnote = {Provided by the SAO/NASA Astrophysics Data System},
          url = {https://ui.adsabs.harvard.edu/#abs/2010arXiv1011.1954R/},
}

@manual{high_speed_amps,
    author="Texas Instruments",
    title="Application Report - AN-272 Op Amp Booster Designs",
    volume="SNOA600B",
    year="1981",
    url="http://www.ti.com/lit/an/snoa600b/snoa600b.pdf"
}

@manual{ad8009,
    author="Analog Devices Inc.",
    title="AD8009 Ultrahigh Speed Op Amp Data Sheet",
    url="https://www.analog.com/media/en/technical-documentation/data-sheets/ad8009.pdf"
}

@manual{cree_xpe_led,
    author="Cree Inc.",
    title="XLamp XP-E LED Data Sheet",
    url="https://www.cree.com/led-components/media/documents/XLampXPE-25A.pdf"
}

@manual{m-drive,
    author="Intelligent Motion Systems Inc.",
    title="M-Drive 14 Plus Motion Control",
    url="https://imshome.com/downloads/manuals/mdi_14.pdf"
}

@manual{flask,
    author="Armin Ronacher",
    title="Flask Reference Page",
    url="http://flask.pocoo.org/"
}

@manual{pyserial,
    author="Chris Liechti",
    title="PySerial Documentation",
    url="https://pythonhosted.org/pyserial/"
}

@manual{m-drive_github,
    author="Keenan McConkey",
    title="Servo Serial Interface GitHub Page",
    url="https://github.com/KeenanMcConkey/Servo-Serial-Interface"
}

@manual{ldm21,
    author="Thorlabs",
    title="LDM21 Manual",
    url="https://www.thorlabs.com/thorproduct.cfm?partnumber=LDM21"
}